<?xml version="1.0" encoding="UTF-8"?><collection xmlns="http://www.loc.gov/MARC21/slim"><record><leader>00534nam--2200181-i-4500</leader><controlfield tag="001">000042563</controlfield><controlfield tag="002">20161230</controlfield><controlfield tag="005">20161230201043</controlfield><controlfield tag="008">060222s1000------------r-----000-0-eng-d</controlfield><datafield ind1=" " ind2=" " tag="040"><subfield code="a">IFIN-HH</subfield></datafield><datafield ind1=" " ind2=" " tag="080"><subfield code="a">539.12.162.8(047.1)</subfield></datafield><datafield ind1="1" ind2=" " tag="100"><subfield code="a">Sreedhar,V</subfield></datafield><datafield ind1="1" ind2="0" tag="245"><subfield code="a">Inclusive production in interaction at 24 gev/c</subfield><subfield code="c">V. sreedhar, t. ferbel, p. slattery</subfield></datafield><datafield ind1=" " ind2=" " tag="260"><subfield code="a">Rochester, New York</subfield><subfield code="b">University Of Rochester</subfield><subfield code="c">/F.An</subfield></datafield><datafield ind1=" " ind2=" " tag="300"><subfield code="a">15 P. + 18 FIG</subfield></datafield><datafield ind1="1" ind2=" " tag="700"><subfield code="a">Slattery , P</subfield></datafield><datafield ind1=" " ind2=" " tag="852"><subfield code="a">41184</subfield><subfield code="c">539.131</subfield></datafield><datafield ind1=" " ind2=" " tag="CAT"><subfield code="a">Sys</subfield><subfield code="c">20120302</subfield><subfield code="h">144906</subfield></datafield></record></collection>